@misc{gao2024retrievalaugmented,
      title={Retrieval-Augmented Generation for Large Language Models: A Survey}, 
      author={Yunfan Gao and Yun Xiong and Xinyu Gao and Kangxiang Jia and Jinliu Pan and Yuxi Bi and Yi Dai and Jiawei Sun and Meng Wang and Haofen Wang},
      year={2024},
      eprint={2312.10997},
      archivePrefix={arXiv},
      primaryClass={cs.CL}
}

@misc{alan2024ragbased,
      title={A RAG-based Question Answering System Proposal for Understanding Islam: MufassirQAS LLM}, 
      author={Ahmet Yusuf Alan and Enis Karaarslan and Ã–mer Aydin},
      year={2024},
      eprint={2401.15378},
      archivePrefix={arXiv},
      primaryClass={cs.CL}
}

@misc{patil2023gorilla,
      title={Gorilla: Large Language Model Connected with Massive APIs}, 
      author={Shishir G. Patil and Tianjun Zhang and Xin Wang and Joseph E. Gonzalez},
      year={2023},
      eprint={2305.15334},
      archivePrefix={arXiv},
      primaryClass={cs.CL}
}